Automatically generated by Mendeley Desktop 1.17.12
Any changes to this file will be lost if it is regenerated by Mendeley.

BibTeX export options can be customized via Options -> BibTeX in Mendeley Desktop

@article{PCA,
author = {Calaf, Jaume},
file = {:D$\backslash$:/UPC{\_}ESEIAAT/MASTER/220301 AERODIN{\`{A}}MICA, MEC{\`{A}}NICA DE VOL I ORBITAL/treballOrbital/vpMOTRANS{\_}L-Tema5nou-b.pdf:pdf},
title = {{Traject{\`{o}}ries interplanet{\`{a}}ries: Patched Conic Approximation}},
year = {2017}
}
@article{trajInter1,
author = {Calaf, Jaume},
file = {:D$\backslash$:/UPC{\_}ESEIAAT/MASTER/220301 AERODIN{\`{A}}MICA, MEC{\`{A}}NICA DE VOL I ORBITAL/treballOrbital/vpMOTRANS{\_}L-Tema5nou-a.pdf:pdf},
title = {{Traject{\`{o}}ries interplanet{\`{a}}ries}},
year = {2017}
}
@article{CalafEnunciat,
author = {Calaf, Jaume},
file = {:D$\backslash$:/UPC{\_}ESEIAAT/MASTER/220301 AERODIN{\`{A}}MICA, MEC{\`{A}}NICA DE VOL I ORBITAL/treballOrbital/vpMOTRANS{\_}L-TemaWnou.pdf:pdf},
title = {{Treballs de Mec{\`{a}}nica Orbital}},
year = {2017}
}
