Automatically generated by Mendeley Desktop 1.17.12
Any changes to this file will be lost if it is regenerated by Mendeley.

BibTeX export options can be customized via Options -> BibTeX in Mendeley Desktop

@article{777,
file = {::},
title = {{Boeing 777 AIRCRAFT CHARACTERISTICS AIRPORT AND MAINTENANCE PLANNING}},
year = {2013}
}
@article{Pavimentos,
author = {Contrucci{\'{o}}n, Dise{\~{n}}o Y and Aeropuertos, De},
file = {::},
title = {{Octubre 2017 C{\'{A}}LCULO DE FIRMES Y PAVIMENTOS}}
}
@article{A330,
file = {::},
title = {{@AIRBUS A330 AIRCRAFT CHARACTERISTICS AIRPORT AND MAINTENANCE PLANNING}}
}
@article{Standards2016,
author = {Standards, International and Practices, Recommended and Aviation, International Civil and Design, Aerodrome},
file = {:D$\backslash$:/UPC{\_}ESEIAAT/MASTER/220304 DISSENY I CONSTRUCCI{\'{O}} D'AEROPORTS/PROJECT/an14{\_}v1{\_}7ed 2016.PDF:PDF},
number = {July},
title = {{Aerodromes}},
volume = {I},
year = {2016}
}
@article{777200,
author = {{Software Service}, Standard},
file = {::},
title = {{777-200LR / -300ER / -Freighter Airplane Characteristics for Airport Planning}},
year = {2015}
}
@article{A320,
file = {::},
title = {{@AIRBUS A320 AIRCRAFT CHARACTERISTICS AIRPORT AND MAINTENANCE PLANNING}}
}
