Automatically generated by Mendeley Desktop 1.17.9
Any changes to this file will be lost if it is regenerated by Mendeley.

BibTeX export options can be customized via Options -> BibTeX in Mendeley Desktop

@misc{meteoBlue,
author = {Meteoblue},
howpublished = {\url{https://www.meteoblue.com/es/tiempo/pronostico/modelclimate/}},
note = {[Accessed: 2017-02-23]}
}
@article{Lansdorp2005,
author = {Lansdorp, Bas and Sc, M},
file = {:C$\backslash$:/Users/pol{\_}4/Desktop/TFG/PREVIOUS INFO/Design{\_}of{\_}a{\_}100{\_}MW{\_}laddermill.pdf:pdf},
journal = {Design},
pages = {5--10},
title = {{Design of a 100 MW laddermill for wind energy generation from 5 km altitude}},
note = {[Accessed: 2017-02-27]},
year = {2005}
}
@article{CEMEX2013,
abstract = {Usos},
author = {CEMEX},
doi = {10.4067/S0071-17132000003500023},
file = {:C$\backslash$:/Users/pol{\_}4/Desktop/TFG/ROCKET TRIGGERING/ROCKET/ModelismoCohetes.pdf:pdf},
issn = {0071-1713},
journal = {Manual del Constructor},
pages = {203},
title = {{Manual del constructor}},
howpublished = {\url{https://www.cemexmexico.com/Concretos/files/Manual del Constructor - Construcci{\'{o}}n General.pdf}},
note = {[Accessed: 2017-05-19]},
year = {2013}
}
@article{Dover2011,
author = {Dover, Robert Bruce Van and Hall, Bard},
file = {:C$\backslash$:/Users/pol{\_}4/Desktop/TFG/DOCS/tfgInternet.pdf:pdf},
number = {607},
pages = {3228},
title = {{College of Engineering}},
year = {2011}
}
@article{dronesRules,
abstract = {Aviso anticipado de propuesta de modificaci{\'{o}}n de la normativa 2015-10 (A-NPA) de la EASA: «Introducci{\'{o}}n de un marco regulador para el funcionamiento de drones». La EASA recibi{\'{o}} de la Comisi{\'{o}}n Europea el encargo de desarrollar un conjunto de normas europeas para los drones. La definici{\'{o}}n de dron es muy amplia, ya que incluye todas las aeronaves remotamente tripuladas y las aut{\'{o}}nomas, desde los peque{\~{n}}os dispositivos para fines recreativos hasta los m{\'{a}}s grandes que se utilizan en largas distancias por motivos de seguridad u otras operaciones cr{\'{i}}ticas. Por ello, el sector de los drones se caracteriza por ser dispar, innovador e internacional. Tiene un gran potencial de crecimiento con la posibilidad a{\~{n}}adida de crear puestos de trabajo. Al mismo tiempo, es necesario garantizar un desarrollo seguro y ecol{\'{o}}gicamente responsable y respetar las inquietudes de los ciudadanos sobre la seguridad, privacidad y protecci{\'{o}}n de datos. Con estas dos prioridades, la EASA propone cambios en la actual normativa de aviaci{\'{o}}n para tener en cuenta los {\'{u}}ltimos desarrollos de los dro-nes (A-NPA: Aviso de propuesta de modificaci{\'{o}}n de la normativa). Usted puede participar en este proceso y contribuir con sus valiosos comentarios a dar for-ma la futura normativa tal y como se explica a continuaci{\'{o}}n. Este documento es un resumen del aviso de propuesta A-NPA n{\textordmasculine} 2015-10 y ha sido traducido a todas las lenguas de la UE. Lo que est{\'{a}} en vigor: La normativa vigente en materia de aviaci{\'{o}}n (Reglamento (CE) n{\textordmasculine} 216/2008) requiere que los drones (tambi{\'{e}}n llamados «aeronaves no pilotadas») con un peso superior a 150 kg se regulen de una forma similar a las aeronaves tripuladas. Aquellos con un peso inferior los regular{\'{a}} cada Estado Miembro de la EASA como considere oportu-no. Sin embargo, puesto que el uso de drones ha crecido significativamente en los {\'{u}}ltimos a{\~{n}}os, los Estados Miembros han tenido que reaccionar r{\'{a}}pidamen-te, lo que conduce potencialmente a un mercado fragmentado. Adem{\'{a}}s, el peso del dron no es el {\'{u}}nico criterio que se debe seguir. Qu{\'{e}} cambia: El aviso de propuesta aspira a crear unas normas europeas comunes sobre seguridad para el fun-cionamiento de drones independientemente de su peso. Propone un enfoque proporcional y centrado en la operaci{\'{o}}n. En otras palabras, se centra m{\'{a}}s en el «c{\'{o}}mo» y «en qu{\'{e}} condiciones» se usa el dron que {\'{u}}nicamen-te en las caracter{\'{i}}sticas del mismo. El aviso de propuesta considera cambios en las normas de seguridad de la aviaci{\'{o}}n vinculadas a las responsabilidades de la EASA, y por esta raz{\'{o}}n no aborda directamente la privacidad o la protecci{\'{o}}n de datos al estar fuera de las responsabilidades de la EASA. Este documento proporciona un pe-que{\~{n}}o resumen del aviso de propuesta, explica el resultado previsto y repite las propuestas que se mencionan en dicho aviso. Puede leerse el aviso de propuesta de modificaci{\'{o}}n en su to-talidad aqu{\'{i}}:},
author = {EASA},
file = {:C$\backslash$:/Users/pol{\_}4/AppData/Local/Mendeley Ltd./Mendeley Desktop/Downloaded/Unknown - 2015 - Propuesta para establecer reglas comunes para la operaci{\'{o}}n de drones en Europa - Unknown.pdf:pdf},
title = {{Propuesta para establecer reglas comunes para la operaci{\'{o}}n de drones en Europa}},
howpublished={\url{http://easa.europa.eu/system/files/dfu/A-NPA 2015-10.pdf.}},
note = {[Accessed: 2017-06-01]},
year = {2015}
}
@article{globalDC,
author = {Physics, Solar-terrestrial and Consultancy, Caesar and Roa, Millington and Vlf, High-frequency},
doi = {10.1016/S1364-6826(00)00112-7},
file = {:C$\backslash$:/Users/pol{\_}4/Desktop/TFG/DOCS/The{\_}global{\_}atmospheric{\_}electric{\_}circuit{\_}solar{\_}acti.pdf:pdf},
number = {April 2014},
title = {{The global atmospheric electric circuit , solar activity and climate change}},
year = {2000},
note = {[Accessed: 2017-03-03]}
}
@article{triggeringLightnings,
abstract = {A rtificial triggering lightning experiments by launching a small rocket trailing a thin wire toward a charged cloud overhead have been conducted since the 1960s. After decades of development, this has become an important means for investigating light-ning physics and validating lightning protection and location techniques. Observations of the triggered lightning have provided considerable new insights into different aspects of lightning discharges. This paper presents an overview of worldwide artificial trigger-ing lightning experiments by means of the rocket-and-wire technique. Some valuable results, including properties of upward positive leader (UPL), observational evidence for the leader stepping mechanism, return stroke currents, M component properties, and energetic radiation associated with the lightning discharges, are briefly reviewed.},
author = {Qie, X and Jiang, R and Laroche, P},
file = {:C$\backslash$:/Users/pol{\_}4/AppData/Local/Mendeley Ltd./Mendeley Desktop/Downloaded/Qie, Jiang, Laroche - Unknown - Issue 5 -December 2012 -Triggering lightning experiments Lightning Hazards to Aircraft and Launchers Tri.pdf:pdf},
title = {{1. Qie, X., Jiang, R. {\&} Laroche, P. Issue 5 -December 2012 -Triggering lightning experiments Lightning Hazards to Aircraft and Launchers Triggering Lightning Experiments: an Effective Approach to the Research of Lightning Physics.Issue 5 -December 2012 -T}},
howpublished={\url{http://www.aerospacelab-journal.org/sites/www.aerospacelab-journal.org/files/AL05-05{\_}0.pdf}},
}
@book{AtmosElectr,
author = {Chalmers, J. Alan},
edition = {Pergamon P},
title = {{Atmospheric Electricity}},
note = {[Accessed: 2017-02-11]},
year = {1967}
}
@article{EFM,
author = {{Dr-Ing Hans Kleinw{\"{a}}chter}, System},
file = {:C$\backslash$:/Users/pol{\_}4/AppData/Local/Mendeley Ltd./Mendeley Desktop/Downloaded/Dr-Ing Hans Kleinw{\"{a}}chter - Unknown - Manual Electro field meter EFM 113B. - Unknown.pdf:pdf},
title = {{Manual Electro field meter EFM 113B.}},
howpublished = {\url{http://www.kleinwaechtergmbh.de/cms/upload/downloads/handbuecher/elektrofeldmeter/EFM{\_}113B{\_}MA{\_}E.pdf}},
note = {[Accessed: 2017-03-13]}
}
@article{cchoi,
abstract = {This paper investigates the variation of wind velocity with height during thunderstorms. Wind velocities during thunderstorms are measured at five levels on a 150 m tall tower. Velocity profiles for more than 50 thunderstorms are studied. In the analysis, these profiles are classified into four types according to the profile shape and the height of the highest wind speed. It is observed that wind profiles during thunderstorms are affected by several factors with the major ones being distance from the thunderstorm cell centre, intensity of the storm and ground roughness. Experimental studies on the simulation of thunderstorm wind using an impinging jet are also carried out to further investigate the effect of these parameters.},
author = {{C. C. Choi}, Edmund},
file = {:C$\backslash$:/Users/pol{\_}4/AppData/Local/Mendeley Ltd./Mendeley Desktop/Downloaded/C. C. Choi - Unknown - Field measurement and experimental study of wind speed profile during thunderstorms - Unknown.pdf:pdf},
title = {{Field measurement and experimental study of wind speed profile during thunderstorms}},
howpublished = {\url{http://ac.els-cdn.com.recursos.biblioteca.upc.edu/S0167610503002095/1-s2.0-S0167610503002095-main.pdf?{\_}tid=b3858dac-4c2a-11e7-a92e-00000aab0f6c{\&}acdnat=1496913374{\_}38a32515cfc37cc1202cc7a011aabc5c}},
note = {[Accessed: 2017-04-17]}
}
@article{llampsMontanya,
author = {{Montany{\`{a}} Puig}, Joan},
file = {:C$\backslash$:/Users/pol{\_}4/Desktop/TFG/DOCS/arxiusPreliminars/Llamps.pdf:pdf},
pages = {8--38},
title = {{La investigaci{\'{o}}n en rayos}},
note = {[Accessed: 2017-02-10]}
}
@article{Harrison,
author = {Harrison, R. G},
title = {{Fair weather atmospheric electricity}}
}
@article{tfgAtenea,
author = {Tfg, Codi and Grau, Tecnologies Aeroespacials and Aeroespacials, Vehicles and Montana, Juan and Co, Puig and Objectius, Eale Williams and Upc, The},
file = {:C$\backslash$:/Users/pol{\_}4/Desktop/TFG/DOCS/UAV platform study for research on atmospheric electricity {\_} Intranet d'ESEIAAT.pdf:pdf},
pages = {2--4},
title = {{UAV platform study for research on atmospheric electricity}},
year = {2017}
}
@article{skywalkerCL,
author = {Williams, John},
file = {:C$\backslash$:/Users/pol{\_}4/Desktop/TFG/FLYING WING/skywlakerAerodynamics.pdf:pdf},
journal = {Michigan University},
keywords = {John,Williams},
pages = {1--54},
title = {{Skywalker X-8 UAV Characterization and Controller Design}},
year = {2014}
}
@misc{ardupilot,
title = {{Plane Home — Plane documentation}},
howpublished = {\url{http://ardupilot.org/plane/index.html}},
note = {[Accessed: 2017-05-31}
}
@misc{px4web,
title = {{PX4FMU Autopilot / Flight Management Unit - Pixhawk Flight Controller Hardware}},
howpublished = {\url{https://pixhawk.org/modules/px4fmu}},
note = {[Accessed: 2017-02-20}
}
@article{electronicsDisposal,
file = {:C$\backslash$:/Users/pol{\_}4/AppData/Local/Mendeley Ltd./Mendeley Desktop/Downloaded/Unknown - 2013 - Equivalent conditions for waste electrical and electronic equipment (WEEE) recycling operations taking place outside th.pdf:pdf},
title = {{Equivalent conditions for waste electrical and electronic equipment (WEEE) recycling operations taking place outside the European Union Final Report}},
howpublished = {\url{http://ec.europa.eu/environment/waste/weee/pdf/Final report{\_}E C S.pdf}},
year = {2013},
note = {[Accessed: 2017-06-05]}
}
@article{Harrison,
author = {Wan, Haojiang and Wei, Guanghui and Harrison, R. G},
doi = {10.1088/1742-6596/301/1/012001},
file = {:C$\backslash$:/Users/pol{\_}4/Desktop/TFG/DOCS/Wan, Wei, Harrison - Unknown - Fair weather atmospheric electricity - Unknown.pdf:pdf},
keywords = {atmospheric,electricity},
mendeley-tags = {atmospheric,electricity},
title = {{Fair weather atmospheric electricity}},
year = {2011}
}
@article{batteryDisposal,
abstract = {on batteries and accumulators and waste batteries and accumulators and repealing Directive 91/157/EEC (Text with EEA relevance) THE EUROPEAN PARLIAMENT AND THE COUNCIL OF THE EUROPEAN UNION, Having regard to the Treaty establishing the European Community, and in particular Article 175(1) thereof and Article 95(1) thereof in relation to Articles 4, 6 and 21 of this Directive, Having regard to the proposal from the Commission (1), Having regard to the opinion of the European Economic and Social Committee (2), Having regard to the opinion of the Committee of Regions (3), Acting in accordance with the procedure laid down in Article 251 of the Treaty (4), in the light of the joint text approved by the Conciliation Committee on 22 June 2006, Whereas: (1) It is desirable to harmonise national measures concerning batteries and accumulators and waste batteries and accumulators. The primary objective of this Directive is to minimise the negative impact of batteries and accumulators and waste batteries and accumulators on the environment, thus contributing to the protection, preservation and improvement of the quality of the environment. The legal base is therefore Article 175(1) of the Treaty. However, it is also appropriate to take measures at Community level on the basis of Article 95(1) of the Treaty to harmonise requirements concerning the heavy metal content and labelling of batteries and accumulators and so to ensure the smooth functioning of the internal market and avoid distortion of competition within the Community. (2) The Commission Communication of 30 July 1996 on the Review of the Community Strategy for Waste Management established guidelines for future Community waste policy. That Communi­ cation stresses the need to reduce the quantities of hazardous substances in waste and points out the potential benefits of ▼B 2006L0066 — EN — 30.12.2013 — 003.001 — 2},
author = {Oj},
file = {:C$\backslash$:/Users/pol{\_}4/AppData/Local/Mendeley Ltd./Mendeley Desktop/Downloaded/Oj - 2004 - DIRECTIVE 200666EC OF THE EUROPEAN PARLIAMENT AND OF THE COUNCIL - OJ C.pdf:pdf},
journal = {OJ C},
number = {1},
pages = {29--35},
title = {{DIRECTIVE 2006/66/EC OF THE EUROPEAN PARLIAMENT AND OF THE COUNCIL}},
note = {[Accessed: 2017-06-03]},
volume = {21},
year = {2004},
howpublished = {\url{http://eur-lex.europa.eu/legal-content/EN/TXT/PDF/?uri=CELEX:02006L0066-20131230{\&}rid=1}}
}
@article{tfgsensing,
author = {{Roger Guti{\'{e}}rrez}, Ramon},
file = {:C$\backslash$:/Users/pol{\_}4/Desktop/TFG/DOCS/arxiusPreliminars/CD entrega final/1.Report.pdf:pdf},
title = {{Study of altitude electric atmospheric potential sensing}},
year = {2014},
note = {[Accessed: 2017-02-25]}
}
@article{enac,
abstract = {The National Center for Meteorological Research (CNRM-GAME, Toulouse, France) conducted UAS flights in Southern France on two UAS platforms (mini and mid-size UAS) to demonstrate their feasibility for meteorological and atmospheric studies. The UAS were equipped with meteorological and aerosol sensors as well as a data acquisision system. The meteorological sensors (temperature, relative humidty and pressure) were tested in different housings to assess the optimum design and placement of the sensors. In addition, a standard radiosonde device attached to the aircraft fuselage and balloon launches served as a reference. We found that convective and radiative components generated biases in the meteorological measurements. Aerosol concentrations and particle size distribution were also measured by optical counter and compared for two different inlet designs. Introduction :},
author = {Roberts, G and Cayez, G and Lavie, F and Tzanos, D and Brenguier, J L and Ronfle-Nadaud, C and Hattenberger, G and Bronz, M},
file = {:C$\backslash$:/Users/pol{\_}4/AppData/Local/Mendeley Ltd./Mendeley Desktop/Downloaded/Roberts et al. - Unknown - UAS for Meteorological and Atmospheric Studies - Unknown.pdf:pdf},
title = {{UAS for Meteorological and Atmospheric Studies}},
howpublished = {\url{http://www.umr-cnrm.fr/voltige/IMG/pdf/poster.pdf}},
note = {[Accessed: 2017-03-17]}
}
@misc{lightningDrone,
title = {{DRONE VS LIGHTNING}},
howpublished = {\url{http://www.mub.eps.manchester.ac.uk/science-engineering/2017/04/10/drone-vs-lightning/}},
note = {[Accessed: 2017-06-08]}
}
@article{SAE2002,
author = {SAE},
file = {:C$\backslash$:/Users/pol{\_}4/Desktop/TFG/DOCS/arxiusPreliminars/Normativa{\_}SAE{\_}ARP/ED-113.pdf:pdf},
title = {{Aircraft Lightning Direct Effects Certification}},
year = {2002},
note = {[Accessed: 2017-05-01]}
}
@misc{rubberBands,
file = {:C$\backslash$:/Users/pol{\_}4/AppData/Local/Mendeley Ltd./Mendeley Desktop/Downloaded/Unknown - Unknown - Stretching Rubber Bands Experimental Write-up. httpswww.quia.comfilesquiauserstaysishPhysicsEnergyRubberBandLabToMod.pdf:pdf},
title = {{Stretching Rubber Bands}},
howpublished = {\url{https://www.quia.com/files/quia/users/taysish/Physics/Energy/RubberBandLabToModify1617.pdf}},
note = {[Accessed: 2017-04-11]}
}
@article{SAEInternational2005,
abstract = {This SAE Aerospace Recommended Practice (ARP) has its origins in the SAE AE-4L Committee's “Blue” book issued in 1978 and titled “Lightning Test Waveforms and Techniques for Aerospace Vehicles and Hardware.” Subsequent to the issuance of the “Blue” book, the SAE AE-4L developed MIL-STD-1757 for the United States military dated 1981 and titled “Lightning Qualification Techniques for Aerospace Vehicles and Hardware.” In MIL-STD-1757, the committee placed the test methodology contained in the “Blue” book into a more formalized format. This ARP is a significant refinement and expansion of the basic material from these sources, providing a more thorough and updated description of the test techniques.},
author = {{SAE International}},
file = {:C$\backslash$:/Users/pol{\_}4/Desktop/TFG/DOCS/arxiusPreliminars/Normativa{\_}SAE{\_}ARP/ED-105.pdf:pdf},
journal = {Aerospace Recommended Practice},
title = {{ARP5416: Aircraft Lightning Test Methods}},
note = {[Accessed: 2017-05-23]},
year = {2005}
}
@misc{EarleWEB,
author = {Williams, Earle R.},
booktitle = {Cambridge, MA, USA},
title = {Research},
howpublished = {\url{http://web.mit.edu/earlerw/www/Research.html}},
note = {[Accessed: 2017-03-29]}
}
@article{NASAglobalHawk,
publisher = {Brian Dunbar},
title = {{NASA - Airborne Science - ER-2 Investigator-Sponsored Instruments}},
howpublished = {\url{https://www.nasa.gov/centers/dryden/research/AirSci/ER-2/pi{\_}inst.html{\#}LIP}},
note = {[Accessed: 2017-03-20]}
}
